@String{ esop = "European Symposium on Programming" }

@String{ esop = "ESOP" }

@String{ icfp = "{ACM} International Conference on Functional Programming" }

@String{ icfp = "{ICFP}" }

@String{ popl = "{ACM} Symposium on Principles of Programming Languages" }

@String{ popl = "{POPL}" }

@String{ pldi = "{ACM} Conference on Programming Language Design and Implementation" }

@String{ pldi = "{PLDI}" }

@String{ pods = "{PODS}" }

@String{ jacm = "Journal of the {ACM}" }

@String{ jacm = "{JACM}" }

@String{ jfp = "Journal of Functional Programming" }

@String{ jfp = "{JFP}" }

@String{ toplas = "{ACM} Transactions on Programming Languages and Systems" }

@String{ toplas = "{TOPLAS}" }

@String{ padl = "International Workshop on Practical Aspects of Declarative Languages" }

@String{ padl = "{PADL}" }

@String{ haskellworkshop = "{ACM SIGPLAN} {H}askell Workshop" }

@String{ haskellworkshop = "{H}askell Workshop" }

@String{ oopsla = "{ACM} Conference on Object-oriented Programming, Systems, Languages, and Applications" }

@String{ oopsla = "{OOPSLA}" }

@String{ netb = "{USENIX} international workshop on Networking meets databases" }

@String{ netb = "{NETB}" }

@String{ sigcomm = "Applications, technologies, architectures, and protocols for computer communications" }

@String{ sigcomm = "{SIGCOMM}" }

@String{ sigops = "{SIGOPS} Operating Systems Review" }

@String{ sigops = "{SIGOPS}" }

@String{ sigmod = "{ACM SIGMOD} international conference on management of data" }

@String{ sigmod = "{SIGMOD}" }

@String{ tnet = "IEEE/ACM Transactions on Networking" }

@String{ tnet = "IEEE/ACM Trans. on Networking" }

@String{ sosp = "{SOSP}" }

@String{ osdi = "{OSDI}" }

@String{ nsdi = "{NSDI}" }

@String{ hotnets = "{HotNets}" }

@String{ hotsdn = "{HotSDN}" }

@String{ wren = "{Workshop on Research on Enterprise Networking}" }

@String{ wren = "{WREN}" }

@String{ sigcommccr = "{SIGCOMM Computer Communications Review}" }

@String{ sigcommccr = "{SIGCOMM CCR}" }

@String{ syclick = "Symposium on Click Modular Router" }

@String{ syclick = "{SyClick}" }

@String{ infocom = "IEEE INFOCOM"}

@String{ ssp = "IEEE Symposium on Security and Privacy"}

@String{ jan = "January" }
@String{ feb = "February" }
@String{ mar = "March" }
@String{ apr = "April" }
@String{ may = "May" }
@String{ jun = "June" }
@String{ jul = "July" }
@String{ aug = "August" }
@String{ sep = "September" }
@String{ oct = "October" }
@String{ nov = "November" }
@String{ dec = "December" }


@Misc{hamilton-mainframe09,
  author = {James Hamilton},
  title = {Networking: The Last Bastion of Mainframe Computing},
  month = dec,
  year = 2009,
  note = {Available at \url{http://tinyurl.com/y9uz64e}},
}

@Misc{Pous-RelationalAlgebra,
  author = {Damien Pous},
  title = {Relational Algebra and KAT in Coq},
  month = feb,
  year = 2013,
  note = {Available at \url{http://perso.ens-lyon.fr/damien.pous/ra}},
}

@InProceedings{monsanto:netcore,
  author = "Christopher Monsanto and Nate Foster and Rob Harrison and David Walker",
  title = "A Compiler and Run-time System for Network Programming Languages",
  booktitle = popl,
  month = jan,
  year = 2012,
}

@article{ yu-vlans11,
  author = { Minlan Yu and
             Jennifer Rexford and
             Xin Sun and
             Sanjay G. Rao and
             Nick Feamster},
  title = "A Survey of Virtual {LAN} Usage in Campus Networks",
  journal = "IEEE Communications Magazine",
  volume = 49,
  number = 7,
  pages = {98--103},
  year = {2011},
}


@inproceedings{guha+:machine-verified-controllers,
  author = "Arjun Guha and Mark Reitblatt and Nate Foster",
  booktitle = "PLDI",
  title = "Machine-Verified Network Controllers",
  month = "June",
  year = 2013
}

@misc{frenetic-github,
  title = "Frenetic",
  year = 2013,
  note = "See \url{github.com/frenetic-lang}"
}

@misc{frenetic-web,
  title = "The {Frenetic Project}",
  key = "The Frenetic Project",
  year = 2013,
  note = "See \url{http://frenetic-lang.org}",
}

@article{sablefeld:information-flow,
  author    = {Andrei Sabelfeld and
               Andrew C. Myers},
  title     = {Language-based information-flow security},
  journal   = {IEEE Journal on Selected Areas in Communications},
  volume    = {21},
  number    = {1},
  year      = {2003},
  pages     = {5-19},
}

@inproceedings{logical-crossbar,
  author = "James McCauley and Aurojit Panda and Martin Casado and Teemu Koponen and Scott Shenker",
  booktitle = "ONS",
  title = "Extending {SDN} to Large-Scale Networks",
  year = 2013
}

@inproceedings{mai+:anteater,
 author = {Haohui Mai and Ahmed Khurshid and Raghit Agarwal and Matthew Caesar and
           P. Brighten Godfrey and Samuel Talmadge King},
 title = {Debugging the Data Plane with {Anteater}},
 booktitle = {SIGCOMM},
 year = {2011},
}

@inproceedings{khurshid13veriflow,
  author    = {Ahmed Khurshid and Xuan Zou and Wenxuan Zhou and Matthew Caesar and P. Brighten Godfrey},
  title     = {{VeriFlow}: Verifying Network-Wide Invariants in Real Time},
  booktitle = {NSDI},
  year      = {2013},
}

@Article{ flowvisor,
	author = "Rob Sherwood and Michael Chan and Glen Gibb and Nikhil Handigol and Te-Yuan Huang and Peyman Kazemian and Masayoshi Kobayashi and David Underhill and Kok-Kiong Yap and Guido Appenzeller and Nick McKeown",
	title = "Carving Research Slices Out of Your Production Networks with {OpenFlow}",
	journal = sigcommccr,
	volume = "40",
	number = "1",
	year = "2010",
	pages = "129--130"
}

@InProceedings{ flowvisor-osdi,
	author = "Rob Sherwood and Glen Gibb and Kok-Kiong Yap and Guido Appenzeller and Martin Casado and Nick McKeown and Guru Parulkar",
	title = "Can the Production Network Be the Testbed?",
	booktitle = osdi,
	month = oct,
	year = "2010"
}

@inproceedings{shaer:flowchecker,
  author = {Ehab Al-Shaer and Saeed Al-Haj},
  title = {{FlowChecker}: Configuration Analysis and Verification of Federated {OpenFlow} Infrastructures},
  booktitle = {SafeConfig},
  year = {2010}
}


@InProceedings{frenetic,
  author = 	 {Nate Foster and Rob Harrison and Michael J. Freedman and Christopher Monsanto and Jennifer Rexford and Alec Story and David Walker},
  title = 	 {Frenetic: A Network Programming Language},
  booktitle = icfp,
  year = 	 2011,
  month = 	 sep,
}

@InProceedings{netkat,
  author = 	 {Carolyn Jane Anderson and Nate Foster and Arjun Guha and Jean-Baptiste Jeannin and Dexter Kozen and Cole Schlesinger and David Walker},
  title = 	 {{NetKAT}: Semantic Foundations for Networks},
  booktitle = popl,
  year = 	 2014,
  month = 	 jan,
}

@inproceedings{fast-compiler,
  author = {Smolka, Steffen and Eliopoulos, Spiridon and Foster, Nate and Guha, Arjun},
  title = {A Fast Compiler for NetKAT},
  booktitle = icfp,
  series = {ICFP 2015},
  year = 2015
}


@InProceedings{pyretic,
  author = 	 {Christopher Monsanto and Joshua Reich and Nate Foster and Jennifer Rexford and David Walker},
  title = 	 {Composing Software-defined Networks},
  booktitle = nsdi,
  year = 	 2013,
  month = 	 apr
}

@inproceedings{google-sdn,
  title = "B4: Experience with a Globally-Deployed Software Defined {WAN}",
  author = "Sushant Jain and Alok Kumar and Subhasree Mandal and Joon Ong and
            Leon Poutievski and Arjun Singh and Subbaiah Venkata and
            Jim Wanderer and Junlan Zhou and Min Zhu and Jonathan Zolla and
            Urs H{\"o}lzle and Stephen Stuart and Amin Vahdat",
  booktitle = sigcomm,
  year = 2013
}

@inproceedings{shmueli:datalog-undecidable,
 author = {Shmueli, O.},
 title = {Decidability and expressiveness aspects of logic queries},
 booktitle = pods,
 year = {1987},
 pages = {237--249},
}

@InProceedings{loo+:declarative-routing,
	author = "Boon Thau Loo and Joseph M. Hellerstein and Ion Stoica and Raghu Ramakrishnan",
	title = "Declarative Routing: Extensible Routing with Declarative Queries",
	booktitle = sigcomm,
	year = "2005",
}

@inproceedings{hsa,
author = "Peyman Kazemian and George Varghese and Nick McKeown",
title = "Header Space Analysis: Static Checking for Networks",
booktitle = "NSDI",
year = 2012
}



@inproceedings{maple,
  title = "Maple: Simplifying {SDN} Programming Using Algorithmic Policies",
  author = "Andreas Voellmy and Junchang Wang and Y.~Richard Yang and
            Bryan Ford and Paul Hudak",
  booktitle = sigcomm,
  year = 2013
}

@inproceedings{nod,
  author = {Nuno Lopes and Nikolaj Bj{\o}rner and Patrice Godefroid and Karthick Jayaraman and George Varghese},
  title = {Checking Beliefs in Dynamic Networks},
  booktitle = {NSDI},
  year = 2015
}

@inproceedings{pane,
  author = "Andrew D. Ferguson and Arjun Guha and Chen Liang and
            Rodrigo Fonseca and Shriram Krishnamurthi",
  title = "Participatory Networking: An {API} for Application Control of
           {SDN}s",
  booktitle = sigcomm,
  year = 2013
}

@inproceedings{fvn-hotnets,
  author = "Anduo Wang and Limin Jia and Changbin Liu and Boon Thau Loo and Oleg Sokolsky and Prithwish Basu",
  title = "Formally VeriÔ¨Åable Networking",
  booktitle = hotnets,
  year = 2009,
}

@InProceedings{splendid-isolation-hotsdn12,
  author = {Stephen Gutz and Alec Story and Cole Schlesinger and Nate Foster},
  title = {Splendid Isolation: A Slice Abstraction for Software-Defined Networks},
  booktitle = hotsdn,
  year = 2012,
}

@inproceedings{reitblatt+:consistent-updates,
 author = {Reitblatt, Mark and Foster, Nate and Rexford, Jennifer and Schlesinger, Cole and Walker, David},
 title = {Abstractions for network update},
 booktitle = sigcomm,
 year = 2012,
}

@inproceedings{mcclurg:update-synthesis,
 author = {McClurg, Jedidiah and Hojjat, Hossein and \v{C}ern\'{y}, Pavol and Foster, Nate},
 title = {Efficient Synthesis of Network Updates},
 booktitle = pldi,
 year = {2015},
 pages = {196--207},
}

@inproceedings{topology-zoo,
 author = {Knight, Simon and Nguyen, Hung X. and Falkner, Nickolas and Bowden, Rhys and Roughan, Matthew},
 title = {The Internet Topology Zoo},
 booktitle = {IEEE Journal on Selected Areas in Communications},
 year = 2011
}

@article{openflow,
 author = {McKeown, Nick and Anderson, Tom and Balakrishnan, Hari and
           Parulkar, Guru and Peterson, Larry and Rexford, Jennifer and
           Shenker, Scott and Turner, Jonathan},
 title = {{OpenFlow}: Enabling Innovation in Campus Networks},
 journal = {SIGCOMM Computing Communications Review},
 volume = {38},
 number = {2},
 year = {2008},
 pages = {69--74},
 doi = {http://doi.acm.org/10.1145/1355734.1355746},
}


@Misc{flexpipe,
  author = 	 {Recep Ozdag},
  title = 	 {{Intel Ethernet Switch FM6000 Series} - Software Defined Networking},
  howpublished = {See \url{goo.gl/AnvOvX}},
  year = 	 2012,
}

@Misc{doppler,
  author = {John Rath},
  title = "{Cisco} Unifies Wired and Wireless Access In New Catalyst Switch",
  howpublished = {See \url{https://www.datacenterknowledge.com/archives/2013/01/29/wired-and-wireless-merged-in-new-cisco-3850-unified-access-switch/}},
  year = 2013,
  month = jan,
}


@InProceedings{rmt,
  author = 	 {Pat Bosshart and Glen Gibb and Hun-Seok Kim and George Varghese and Nick McKeown and Martin Izzard and Fernando A. Mujica and Mark Horowitz},
  title = 	 {Forwarding metamorphosis: fast programmable match-action processing in hardware for {SDN}},
  booktitle = sigcomm,
  year = 	 2013,
  pages = 	 "99-110",
}

@inproceedings{procera,
 author = {Voellmy, Andreas and Kim, Hyojoon and Feamster, Nick},
 title = {Procera: A Language for High-level Reactive Network Control},
 booktitle = hotsdn,
 year = {2012},
 pages = "43--48",
}

@Unpublished{p4,
  author = 	 {Pat Bosshart and Dan Daly and Martin Izzard and Nick McKeown and Jennifer Rexford and Dan Talayco and Amin Vahdat and George Varghese and David Walker},
  title = 	 {Programming Protocol-Independent Packet Processors},
  note = 	 {See \url{http://arxiv.org/abs/1312.1719}},
  month = 	 dec,
  year = 	 2013,
}

@Misc{broadcomtrident,
  key = 	 {Broadcom},
  title = 	 {Broadcom {BCM56846 StrataXGS 10/40 GbE} Switch},
  howpublished = {See \url{http://www.broadcom.com/products/features/BCM56846.php}},
  year = 	 2014,
}



@Misc{netfpga,
  title = 	 {{NetFPGA}},
  note = 	 {See \url{http://netfpga.org/}},
  year = 	 {2014},
}

@InProceedings{hoare+:concurrent-kleene-algebra,
  author = 	 {C. A. R. Hoare and Bernhard M\:{o}ller and Georg Struth and Ian Wehrman},
  title = 	 {Concurrent Kleene Algebra},
  booktitle = {{CONCUR}},
  year = 	 2009,
  pages = 	 "399-414",
}

@InProceedings{kangaroo,
  author = 	 {Christos Kozanitis and John Huber and Sushil Singh and George Varghese},
  title = 	 {Leaping multiple headers in a single bound: Wire-speed parsing using the kangaroo},
  booktitle = {{INFOCOMM}},
  year = 	 2010,
}

@Misc{onf-ttp,
  title = 	 {Openflow forwarding abstractions working group charter},
  month = 	 apr,
  year = 	 2013,
  note = {See \url{http://goo.gl/TtLtw0}}
}

@Misc{ovswitch,
 title = "Open VSwitch",
 year = 2014,
 note = {See \url{http://openvswitch.org}},
}

@misc{tech_app,
  title = "Concurrent NetCore: From Policies to Pipelines",
  note = {See \url{http://tinyurl.com/k2z8lz5}}
}

@inproceedings{queries,
  author = {Srinivas Narayana and Jennifer Rexford and David Walker},
  title = {Compiling Path Queries in Software-defined Networks},
  booktitle = hotsdn,
  year = {2014},
  pages = {181--186},
}


@inproceedings{narain:lisa05,
  author    = {Sanjai Narain},
  title     = {Network Configuration Management via Model Finding},
  booktitle = {Proceedings of the 19th Conference on Systems Administration},
  pages     = {155--168},
  year      = {2005},
}



@Article{narain+:configassure,
  author = 	 {Sanjai Narain and Gary Levin and Sharad Malik and Vikram Kaul},
  title = 	 {Declarative Infrastructure Configuration Synthesis and Debugging},
  journal = 	 {Journal of Network Systems Management},
  year = 	 {2008},
  volume = 	 {16},
  number = 	 {3},
  pages = 	 "235--258",
}

@InProceedings{fattire,
  author = 	 {Mark Reitblatt and Marco Canini and Nate Foster and Arjun Guha},
  title = 	 {{FatTire}: Declarative Fault Tolerance for Software Defined Networks.},
  booktitle = {HotSDN},
  year = 	 {2013},
}

@techreport{K03c,
  author="Dexter Kozen",
  title="Kleene Algebras with Tests and the Static Analysis of Programs",
  institution="Computer Science Department, Cornell University",
  number="TR2003-1915",
  month="November",
  year="2003"
}

@inproceedings{coalgebraic,
 author = {Foster, Nate and Kozen, Dexter and Milano, Matthew and Silva, Alexandra and Thompson, Laure},
 title = {A Coalgebraic Decision Procedure for NetKAT},
 booktitle = {Proceedings of the 42Nd Annual ACM SIGPLAN-SIGACT Symposium on Principles of Programming Languages},
 year = {2015},
 pages = {343--355},
}

@inproceedings{giacomo:ijcai-finite-ltl,
 author = {De Giacomo, Giuseppe and Vardi, Moshe Y.},
 title = {Linear Temporal Logic and Linear Dynamic Logic on Finite Traces},
 booktitle = {Proceedings of the Twenty-Third International Joint Conference on Artificial Intelligence},
 year = {2013},
 pages = {854--860},
}

@inproceedings{giacomo:aaai-finite-ltl,
  author    = {Giuseppe {De Giacomo} and
               Riccardo De Masellis and
               Marco Montali},
  title     = {Reasoning on {LTL} on Finite Traces: Insensitivity to Infiniteness},
  booktitle = {Proceedings of the Twenty-Eighth {AAAI} Conference on Artificial Intelligence,
               July 27 -31, 2014, Qu{\'{e}}bec City, Qu{\'{e}}bec, Canada.},
  pages     = {1027--1033},
  year      = {2014},
}

@article{kleene-algebra,
  author = "D. Kozen",
  title = "A Completeness Theorem for Kleene Algebras and the Algebra of Regular Events ",
  journal = "Information and Computation ",
  volume = "110",
  number = "2",
  pages = "366 - 390",
  year = "1994",
  doi = "http://dx.doi.org/10.1006/inco.1994.1037",
}

@inproceedings{kleene-algebra-tests,
    author = {Dexter Kozen and Frederick Smith},
    title = {Kleene Algebra with Tests: Completeness and Decidability},
    booktitle = {Proc. 10th Int. Workshop Computer Science Logic (CSL'96), volume 1258 of Lecture Notes in Computer Science},
    year = {1996},
    pages = {244--259},
}

@inproceedings{katb,
  author="Niels Bj{\o}rn Bugge Grathwohl and Dexter Kozen and Konstantinos Mamouras",
  title="{KAT + B!}",
  booktitle="Proc. Joint Meeting of the 23rd EACSL Conf. Computer Science Logic (CSL 2014) and 29th ACM/IEEE Symp. Logic in Computer Science (LICS 2014)",
  year="2014"
}

@book{ben-ari,
 author = {Ben-Ari, Mordechai},
 title = {Mathematical Logic for Computer Science},
 year = {2012},
 isbn = {1447141288, 9781447141280},
 edition = {3rd},
 publisher = {Springer Publishing Company, Incorporated},
}

@book{kroger,
 author = {Krger, Fred and Merz, Stephan},
 title = {Temporal Logic and State Systems (Texts in Theoretical Computer Science. An EATCS Series)},
 year = {2008},
 isbn = {3540674012, 9783540674016},
 edition = {1},
 publisher = {Springer Publishing Company, Incorporated},
}

@book{manna-pnueli,
 author = {Manna, Zohar and Pnueli, Amir},
 title = {The Temporal Logic of Reactive and Concurrent Systems},
 year = {1992},
 isbn = {0-387-97664-7},
 publisher = {Springer-Verlag New York, Inc.},
 address = {New York, NY, USA},
}

@Unpublished{ms-sdn,
  author = 	 {Mark Russinovich},
  title = 	 {Report from Open Networking Summit: Achieving Hyper-Scale with Software Defined Networking},
  note = 	 {See \url{https://azure.microsoft.com/blog/2015/06/17/report-from-open-networking-summit-achieving-hyper
        -scale-with-software-defined-networking/}},
  year = 	 {2015},
}


@InProceedings{opensketch,
  author = 	 {Minlan Yu and Lavanya Jose and Rui Miao},
  title = 	 {Software-defined traffic management with opensketch},
  booktitle = nsdi,
  year = 	 {2013},
}



@InProceedings{dream,
  author = 	 {Masoud Moshref and Minlan Yu and Ramesh Govindan and Amin Vahdat},
  title = 	 {{DREAM}: dynamic resource allocation for software-defined measurement},
  booktitle = sigcomm,
  year = 	 2014,
}

@InProceedings{sagiv:l,
  author = 	 {Oded Padon and Neil Immerman and Aleksandr Karbyshev and Ori Lahav and Mooly Sagiv and Sharon Shoham},
  title = 	 {Decentralizing SDN policies},
  booktitle = popl,
  year = 	 2015,
}

@InProceedings{netplumber,
  author = 	 {Peyman Kazemian and Michael Chang and Hongyi Zeng and George Varghese and Nick McKeown and Scott Whyte},
  title = 	 {Real Time Network Policy Checking using Header Space Analysis},
  booktitle = nsdi,
  year = 	 {2013},

}




@book{kozen:dynamic-logic,
 author = {Harel, David and Tiuryn, Jerzy and Kozen, Dexter},
 title = {Dynamic Logic},
 year = {2000},
 isbn = {0262082896},
 publisher = {MIT Press},
 address = {Cambridge, MA, USA},
}

@article{harel:process-logic,
  title = "Process logic: Expressiveness, decidability, completeness ",
  journal = "Journal of Computer and System Sciences ",
  volume = "25",
  number = "2",
  pages = "144 - 170",
  year = "1982",
  doi = "http://dx.doi.org/10.1016/0022-0000(82)90003-4",
  author = "David Harel and Dexter Kozen and Rohit Parikh"
}

@inproceedings{pratt:process-logic,
 author = {Pratt, V. R.},
 title = {Process Logic: Preliminary Report},
 booktitle = {Proceedings of the 6th ACM SIGACT-SIGPLAN Symposium on Principles of Programming Languages},
 year = {1979},
}

@article{nishimura:process-logic,
 author = {Nishimura, Hirokazu},
 title = {Descriptively Complete Process Logic},
 journal = {Acta Inf.},
 volume = {14},
 number = {4},
 year = {1980},
 pages = {359--369},
 numpages = {11},
 doi = {10.1007/BF00286492},
}


@article{gelade:complement-inter-re,
  author    = {Wouter Gelade and Frank Neven},
  title     = {Succinctness of the Complement and Intersection of Regular Expressions},
  journal   = {CoRR},
  volume    = {abs/0802.2869},
  year      = {2008},
}

@misc{desharanis:model-kleene-algebra,
    author = {Jules Desharnais and Bernhard M√∂ller and Georg Struth},
    title = {Modal Kleene Algebra And Applications -- A Survey},
    year = {2004}
}

@article{antimirov:rewriting-ere,
    author = {Valentin M. Antimirov and Peter D. Mosses},
    title = {Rewriting Extended Regular Expressions},
    journal = {Theoretical Computer Science},
    year = {1994},
    volume = {143},
    pages = {195--209}
}

@article{foster:merlin,
  author    = {Robert Soul{\'{e}} and
               Shrutarshi Basu and
               Parisa Jalili Marandi and
               Fernando Pedone and
               Robert Kleinberg and
               Emin G{\"{u}}n Sirer and
               Nate Foster},
  title     = {Merlin: {A} Language for Provisioning Network Resources},
  journal   = {CoRR},
  volume    = {abs/1407.1199},
  year      = {2014},
}

@article{ka-lattices,
  author    = {Hajnal Andr{\'{e}}ka and
               Szabolcs Mikul{\'{a}}s and
               Istv{\'{a}}n N{\'{e}}meti},
  title     = {The equational theory of Kleene lattices},
  journal   = {Theor. Comput. Sci.},
  volume    = {412},
  number    = {52},
  pages     = {7099--7108},
  year      = {2011},
}


@manual{stanford-network,
  author = "Peyman Kazemian",
  title  = "Mini-Stanford",
  url    = "https://bitbucket.org/peymank/hassel-public/wiki/Mini-Stanford",
  year   = "2012 (accessed July 27, 2015)"
}

@PhdThesis{feamster:thesis,
  author = 	 {Nick Feamster},
  title = 	 {Proactive Techniques for Correct and Predictable Internet Routing},
  school = 	 {Massachusetts Institute of Technology},
  year = 	 {2005},
}

@Book{routingplaybook,
  author = 	 {William B Norton},
  title = 	 {The 2014 Internet Peering Playbook: Connecting to the Core of the Internet},
  publisher = 	 {DrPeering Press},
  year = 	 {2014},
  month = 	 jan,
}

@InProceedings{feamster+:rcc,
  author = 	 {Nick Feamster and Hari Balakrishnan},
  title = 	 {Detecting {BGP} Configuration Faults with Static Analysis},
  booktitle = {NSDI},
  year = 	 {2005},
}

@Article{feamster+:bgp-prediction,
  author = 	 {Nick Feamster and Jennifer Rexford},
  title = 	 {Network-Wide Prediction of {BGP} Routes},
  journal = 	 {{IEEE/ACM} Transactions on Networking},
  year = 	 {2007},
  volume = 	 {15},
  number = 	 {2},
  pages = 	 {253-266},
}


@InProceedings{margrave,
  author = 	 {Tim Nelson and Christopher Barratt and Daniel J. Dougherty and Kathi Fisler and Shriram Krishnamurthi},
  title = 	 {The Margrave Tool for Firewall Analysis},
  booktitle = {{USENIX} Large Installation System Administration Conference},
  year = 	 {2010},
}

@InProceedings{lumeta,
  author = 	 {Avishai Wool},
  title = 	 {Architecting the Lumeta Firewall Analyzer},
  booktitle = {{USENIX} Security Symposium},
  year = 	 {2001},
}

@InProceedings{fang,
  author = 	 {Alain Mayer and Avishai Wool and Elisha Ziskind},
  title = 	 {Fang: A Firewall Analysis Engine},
  booktitle = {{IEEE} Symposium on Security and Privacy},
  year = 	 {2000},
  pages = 	 {177--187},
}

@Misc{bagpipe,
  author = 	 {Konstantin Weitz and Doug Woos and Emina Torlak and Michael D. Ernst and Arvind Krishnamurthy and Zachary Tatlock},
  title = 	 {Getting Started with {Bagpipe}},
  howpublished = {\url{http://www.konne.me/bagpipe/started.html}},
  year = 	 2015,
}

@InProceedings{batfish,
  author = 	 {Ari Fogel and Stanley Fung and Luis Pedrosa and Meg Walraed-Sullivan and Ramesh Govindan and Ratul Mahajan and Todd Millstein

},
  title = 	 {A General Approach to Network Configuration Analysis },
  booktitle = {NSDI},
  year = 	 {2015},
}


@InBook{ipassure,
  author = 	 {Sanjai Narain and R. Talpade and Gary Levin},
  title = 	 {Guide to Reliable Internet Services and Applications},
  chapter = 	 {Chapter on Network Configuration Validation},
  publisher = 	 {Springer},
  year = 	 {2010},
}

@inproceedings{dc-failure-study,
        Author = {Gill, Phillipa and Jain, Navendu and Nagappan, Nachiappan},
        Booktitle = {SIGCOMM},
        Title = {Understanding Network Failures in Data Centers: Measurement, Analysis, and Implications},
        Year = {2011}
}

@inproceedings{fattree,
 author = {Al-Fares, Mohammad and Loukissas, Alexander and Vahdat, Amin},
 title = {A Scalable, Commodity Data Center Network Architecture},
 booktitle = {SIGCOMM},
 year = {2008},
}

@misc{bgp-in-dc,
 title = {Use of {BGP} for routing in large-scale data centers},
 author = {P. Lapukhov and A. Premji and J. Mitchell},
 howpublished = "Internet draft",
 year = 2015,
 }

@inproceedings{mahajan+:bgp-misconfiguration,
 author = {Mahajan, Ratul and Wetherall, David and Anderson, Tom},
 title = {Understanding {BGP} Misconfiguration},
 booktitle = {SIGCOMM},
 year = {2002},
 pages = {3--16},
}

@misc{time-warner,
  author = 	 {M Anderson},
  title = 	 {Time Warner Cable Says Outages Largely Resolved},
  year = 	 2014,
  month = 	 aug,
  address = 	 {NY, NY},
  publisher = {Associated Press},
}

@Misc{routing-instability,
  author = 	 {J Farrar},
  title = 	 {C \& W Routing Instability},
  howpublished = {Nanog mail archives. \url{http://www.merit.edu/mail.archives/nanog/2001-04/msg002-9.html}},
  year = 	 {2001},
}

@Article{sdn-languages,
  author = 	 {Nate Foster and Michael J. Freedman and Arjun Guha and Rob Harrison and Naga Praveen Katta and Christopher Monsanto and Joshua Reich and Mark Reitblatt and Jennifer Rexford and Cole Schlesinger and Alec Story and David Walker},
  title = 	 {Languages for Software-Defined Networks},
  journal = 	 {IEEE Communications Magazine},
  year = 	 {2013},
  volume = 	 {51},
  number = 	 {2},
  pages = 	 "128--134",
}

@inproceedings{vericon,
 author = {Ball, Thomas and Bj{\o}rner, Nikolaj and Gember, Aaron and Itzhaky, Shachar and Karbyshev, Aleksandr and Sagiv, Mooly and Schapira, Michael and Valadarsky, Asaf},
 title = {VeriCon: Towards Verifying Controller Programs in Software-defined Networks},
 booktitle = {PLDI},
 year = {2014},
 pages = {282--293},
}

@InProceedings{flowlog,
  author = 	 {Tim Nelson and Andrew D. Ferguson and Michael J.G. Scheer and Shriram Krishnamurthi},
  title = 	 {Tierless Programming and Reasoning for Software-Defined Networks},
  booktitle = {NSDI},
  year = 	 {2014},
}

@inproceedings {kinetic,
author = {Hyojoon Kim and Joshua Reich and Arpit Gupta and Muhammad Shahbaz and Nick Feamster and Russ Clark},
title = {Kinetic: Verifiable Dynamic Network Control},
booktitle = {NSDI},
year = {2015},
month = May,
pages = {59--72},
}

@misc{bgpmon,
 key = "bgpmon",
 title = {News and Press | {BGP}mon},
 howpublished = {\url{http://www.bgpmon.net/news-and-events/}},
 note = "Retrieved 2016-01-26"
}

@misc{hatch,
 key = "hatch",
 title = {Hatch -- Create and share configurations},
 howpublished = "\url{http://www.hatchconfigs.com/}",
 note = "Retrieved 2016-01-26"
}

@misc{thwack,
 key = "thwack",
 title = "configuration templates | thwack",
 howpublished = {\url{https://thwack.solarwinds.com/search.jspa?q=configuration+templates}},
 note = "Retrieved 2016-01-26"
}

@inproceedings{mccauley2013extending,
  title={Extending SDN to large-scale networks},
  author={McCauley, James and Panda, Aurojit and Casado, Martin and Koponen, Teemu and Shenker, Scott},
  booktitle="Open Networking Summit",
  year=2013,
}

@inproceedings{onos,
  title={{ONOS}: towards an open, distributed {SDN} {OS}},
  author={Berde, Pankaj and Gerola, Matteo and Hart, Jonathan and Higuchi, Yuta and Kobayashi, Masayoshi and Koide, Toshio and Lantz, Bob and O'Connor, Brian and Radoslavov, Pavlin and Snow, William and others},
  booktitle={Proceedings of the third workshop on Hot topics in software defined networking},
  pages={1--6},
  year={2014},
  organization={ACM}
}

@inproceedings{pga,
  title={{PGA}: Using graphs to express and automatically reconcile network policies},
  author={Prakash, Chaithan and Lee, Jeongkeun and Turner, Yoshio and Kang, Joon-Myung and Akella, Aditya and Banerjee, Sujata and Clark, Charles and Ma, Yadi and Sharma, Puneet and Zhang, Ying},
  booktitle={Proceedings of the 2015 ACM Conference on Special Interest Group on Data Communication},
  pages={29--42},
  year={2015},
  organization={ACM}
}

@inproceedings{ethane,
 author = {Casado, Martin and Freedman, Michael J. and Pettit, Justin and Luo, Jianying and McKeown, Nick and Shenker, Scott},
 title = {Ethane: Taking Control of the Enterprise},
 booktitle = {SIGCOMM},
 year = {2007},
}

@InProceedings{fast-dominance,
  author =   {Keith Cooper and Timothy Harvey and Ken Kennedy},
  title =    {A simple, fast dominance algorithm},
  booktitle = {Software - Practice and Experience},
  year =   {2001},
}

@InProceedings{tarjan-dominance,
 author = {Lengauer, Thomas and Tarjan, Robert},
 title = {A Fast Algorithm for Finding Dominators in a Flowgraph},
 booktitle = {ACM Trans. Program. Lang. Syst.},
 month = jan,
 year = {1979},
}

@InProceedings{linear-dominance,
  author = {Stephen Alstrup and Dov Harel and Peter W. Lauridsen and Mikkel Thorup},
  title = {Dominators in Linear Time},
  booktitle = {SIAM J. Comput.},
  year = {1997}
}

@InProceedings{regex-derivatives,
 author = {Owens, Scott and Reppy, John and Turon, Aaron},
 title = {Regular-expression Derivatives Re-examined},
 booktitle = {J. Funct. Program.},
 month = mar,
 year = {2009}
}

@article{regex-complexity,
  author    = {Wouter Gelade and Frank Neven},
  title     = {Succinctness of the Complement and Intersection of Regular Expressions},
  booktitle   = {CoRR},
  year      = {2008}
}

@inproceedings{route-aggregation,
 author = {Le, Franck and Xie, Geoffrey G. and Zhang, Hui},
 title = {On Route Aggregation},
 booktitle = {CoNEXT},
 year = {2011},
}

@inproceedings{igp-correctness1,
 author = {Griffin, Timothy G. and Wilfong, Gordon},
 title = {On the Correctness of IBGP Configuration},
 booktitle = {SIGCOMM},
 year = {2002},
}

@inproceedings{igp-correctness2,
    author = {Nick Feamster and Jared Winick and Jennifer Rexford},
    title = {A Model of BGP Routing for Network Engineering},
    booktitle = {in Proc. ACM SIGMETRICS},
    year = {2004},
}

@techreport{RFC2622,
  author = {C. Alaettinoglu and C. Villamizar and E. Gerich and D. Kessens and D. Meyer and T. Bates and D. Karrenberg and M. Terpstra},
  title = {Routing Policy Specification Language (RPSL)},
  howpublished = {Internet Requests for Comments},
  type = {RFC},
  number = {2622},
  year = {1999},
  month = {June},
  issn = {2070-1721},
  publisher = {RFC Editor},
  institution = {RFC Editor},
}

@techreport{RFC6020,
  author = {M. Bjorklund},
  title = {YANG - A Data Modeling Language for the Network Configuration Protocol (NETCONF)},
  howpublished = {Internet Requests for Comments},
  type = {RFC},
  number = {6020},
  year = {2010},
  month = {October},
  issn = {2070-1721},
  publisher = {RFC Editor},
  institution = {RFC Editor},
  url = {http://www.rfc-editor.org/rfc/rfc6020.txt},
  note = {\url{http://www.rfc-editor.org/rfc/rfc6020.txt}},
}

@techreport{RFC6241,
  author = {R. Enns and M. Bjorklund and J. Schoenwaelder and A. Bierman},
  title = {Network Configuration Protocol (NETCONF)},
  howpublished = {Internet Requests for Comments},
  type = {RFC},
  number = {6241},
  year = {2011},
  month = {June},
  issn = {2070-1721},
  publisher = {RFC Editor},
  institution = {RFC Editor},
  url = {http://www.rfc-editor.org/rfc/rfc6241.txt},
  note = {\url{http://www.rfc-editor.org/rfc/rfc6241.txt}},
}

@InProceedings{beckett+:propane,
  author = 	 {Ryan Beckett and Ratul Mahajan and Todd Millstein and Jitu Padhye and David Walker},
  title = 	 {Don't Mind the Gap:  Bridging Network-wide Policies and Device-level Configurations},
  booktitle = {{SIGCOMM}},
  year = 	 {2016},
}


@Misc{pakistan-youtube,
  author = 	 {Peter Svensson},
  title = 	 {Pakistan causes {YouTube} outage for two-thirds of world},
  howpublished = {\url{http://abcnews.go.com/Technology/story?id=4344105}},
  year = 	 {2008},
}

@inproceedings{sagiv+:shape-analysis,
 author = {Sagiv, Mooly and Reps, Thomas and Wilhelm, Reinhard},
 title = {Parametric Shape Analysis via 3-valued Logic},
 booktitle = {Proceedings of the 26th ACM SIGPLAN-SIGACT Symposium on Principles of Programming Languages},
 series = {POPL '99},
 year = {1999},
 pages = {105--118},
 numpages = {14},
} 

@inproceedings{cousot+:ai,
 author = {Cousot, Patrick and Cousot, Radhia},
 title = {Abstract Interpretation: A Unified Lattice Model for Static Analysis of Programs by Construction or Approximation of Fixpoints},
 booktitle = {Proceedings of the 4th ACM SIGACT-SIGPLAN Symposium on Principles of Programming Languages},
 series = {POPL '77},
 year = {1977},
  pages = {238--252},
 numpages = {15},
 } 


@inproceedings{dcell,
author = {Chuanxiong Guo and Haitao Wu and Kun Tan and Lei Shi and Yongguang Zhang and Songwu Lu},
title = {DCell: A Scalable and Fault-Tolerant Network Structure for Data Centers},
booktitle = {SIGCOMM08},
year = {2008},
month = {August},
}

@inproceedings {jellyfish,
author = {Ankit Singla and Chi-Yao Hong and Lucian Popa and P. Brighten Godfrey},
title = {Jellyfish: Networking Data Centers Randomly},
booktitle = {Presented as part of the 9th USENIX Symposium on Networked Systems Design and Implementation (NSDI 12)},
year = {2012},
pages = {225--238},
}

@inproceedings {f10,
author = {Vincent Liu and Daniel Halperin and Arvind Krishnamurthy and Thomas Anderson},
title = {F10: A Fault-Tolerant Engineered Network},
booktitle = {Presented as part of the 10th USENIX Symposium on Networked Systems Design and Implementation (NSDI 13)},
year = {2013},
pages = {399--412},
}

@INPROCEEDINGS{quasi-fat-trees, 
author={E. Zahavi and I. Keslassy and A. Kolodny}, 
booktitle={2014 IEEE 22nd Annual Symposium on High-Performance Interconnects}, 
title={Quasi Fat Trees for HPC Clouds and Their Fault-Resilient Closed-Form Routing}, 
year={2014}, 
pages={41-48}, 
month={Aug},}

@inproceedings{al-fares:data-center-architecture,
 author = {Al-Fares, Mohammad and Loukissas, Alexander and Vahdat, Amin},
 title = {A Scalable, Commodity Data Center Network Architecture},
 booktitle = {Proceedings of the ACM SIGCOMM 2008 Conference on Data Communication},
 series = {SIGCOMM '08},
 year = {2008},
 pages = {63--74},
} 

@inproceedings{aspen-trees,
 author = {Walraed-Sullivan, Meg and Vahdat, Amin and Marzullo, Keith},
 title = {Aspen Trees: Balancing Data Center Fault Tolerance, Scalability and Cost},
 booktitle = {Proceedings of the Ninth ACM Conference on Emerging Networking Experiments and Technologies},
 series = {CoNEXT '13},
 year = {2013},
 pages = {85--96},
} 

@article{condor,
 author = {Schlinker, Brandon and Mysore, Radhika Niranjan and Smith, Sean and Mogul, Jeffrey C. and Vahdat, Amin and Yu, Minlan and Katz-Bassett, Ethan and Rubin, Michael},
 title = {Condor: Better Topologies Through Declarative Design},
 journal = {SIGCOMM Comput. Commun. Rev.},
 issue_date = {October 2015},
 volume = {45},
 number = {4},
 month = aug,
 year = {2015},
  pages = {449--463},
 } 


@inproceedings{bjorner+:scaling-network-verification,
author = {Nikolaj Bjorner and Nuno Lopes and Andrey Rybalchenko and George Varghese and Gordon D. Plotkin},
title = {Scaling Network VeriÔ¨Åcation using Symmetry and Surgery},
booktitle = popl,
year = {2016},
month = {June},
}

@InProceedings{arc,
  author = 	 {Aaron Gember-Jacobson and Raajay Viswanathan and Aditya Akella and Ratul Mahajan},
  title = 	 {Fast Control Plane Analysis Using an Abstract Representation},
  booktitle = sigcomm,
  year = 	 {2016},
  month = 	 aug,
}


@inproceedings{sdx,
 author = {Gupta, Arpit and Vanbever, Laurent and Shahbaz, Muhammad and Donovan, Sean P. and Schlinker, Brandon and Feamster, Nick and Rexford, Jennifer and Shenker, Scott and Clark, Russ and Katz-Bassett, Ethan},
 title = {SDX: A Software Defined Internet Exchange},
 booktitle = {Proceedings of the 2014 ACM Conference on SIGCOMM},
 year = {2014},
 pages = {551--562},
} 

@inproceedings{isdx,
 author = {Gupta, Arpit and MacDavid, Robert and Birkner, R\"{u}diger and Canini, Marco and Feamster, Nick and Rexford, Jennifer and Vanbever, Laurent},
 title = {An Industrial-scale Software Defined Internet Exchange Point},
 booktitle = {Proceedings of the 13th Usenix Conference on Networked Systems Design and Implementation},
 series = {NSDI'16},
 year = {2016},
 pages = {1--14},
}

@Misc{center-for-network-programming,
  key = 	 {Cornell-Princeton Center for Network Programming},
  title = 	 {Cornell-Princeton Center for Network Programming},
  howpublished = {\url{http://network-programming.org/}},
  month = 	 {June},
  year = 	 {2016},
}


@InProceedings{core,
  key = {Comparison of {CORE}  Network Emulation Platforms},
  title = 	 {Comparison of CORE Network Emulation Platforms},
  booktitle = {Proceedings of {IEEE MILCOM} Conference},
  year = 	 2010,
  pages = 	 "864--869",
  note = {See \url{http://www.nrl.navy.mil/itd/ncs/products/core}}
}

@Misc{united,
  author = 	 {Fred O'Connor},
  title = 	 {{All United Airlines flights in {U.S}. grounded by 'network connectivity' issues}},
  howpublished = {\url{http://www.pcworld.com/article/2945552/united-airlines-flights-grounded-by-network-connectivity-issues.html}},
  month = 	 jul,
  year = 	 2015,
}

@inproceedings{pifo,
 author = {Sivaraman, Anirudh and Subramanian, Suvinay and Alizadeh, Mohammad and Chole, Sharad and Chuang, Shang-Tse and Agrawal, Anurag and Balakrishnan, Hari and Edsall, Tom and Katti, Sachin and McKeown, Nick},
 title = {Programmable Packet Scheduling at Line Rate},
 booktitle = {Proceedings of the 2016 Conference on ACM SIGCOMM 2016 Conference},
 series = {SIGCOMM '16},
 year = {2016},
 isbn = {978-1-4503-4193-6},
 location = {Florianopolis, Brazil},
 pages = {44--57},
} 

@article{Jones:assume-guarantee,
 author = {Jones, C. B.},
 title = {Tentative Steps Toward a Development Method for Interfering Programs},
 journal = {ACM Trans. Program. Lang. Syst.},
 issue_date = {Oct. 1983},
 volume = {5},
 number = {4},
 month = oct,
 year = {1983},
 pages = {596--619},
 numpages = {24},
 publisher = {ACM},
 address = {New York, NY, USA},
} 

@Article{dadc,
  author = 	 {Sanjay Narain and Dana Chee and Brian Coan and
Ben Falchuk and
Samuel Gordon and
Jaewon Kang and
Jonathan Kirsch and
Aditya Naidu and
Kaustubh Sinkar and
Simon Tsang},
  title = 	 {A Science of Network Configuration},
  journal = 	 {Journal of Cyber Security and Information Systems},
  year = 	 {2016},
  volume = 	 {1},
  number = 	 {4},
}

@InProceedings{nettle,
  author = 	 {Andreas Voellmy and Paul Hudak},
  title = 	 {Nettle: Taking the Sting Out of Programming Network Routers},
  booktitle = {Practical Aspects of Declarative Languages},
  year = 	 {2011},
  pages = 	 {235-249},
}



@Misc{rpsl,
  key = 	 {Routing Policy Specification Language},
  author = 	 {C. Alaettinoglu \emph{et al.}},
  title = 	 {RFC 2622: Routing Policy Specification Language (RPSL)},
  howpublished = {\url{http://www.irr.net/docs/rfc2622.txt}},
  month = 	 jun,
  year = 	 1999,
}

@Misc{cisco-route-redistribution,
  key = 	 {Redistributing Routing Protocols},
  title = 	 {Redistributing Routing Protocols},
  howpublished = {\url{https://www.cisco.com/c/en/us/support/docs/ip/enhanced-interior-gateway-routing-protocol-eigrp/8606-redist.html}},
  year = 	 2012,
}

@Misc{bgp-wedgie,
  key = 	 {BGP Wedgies},
  author = 	 {Tim Griffin},
  title = 	 {{BGP} Wedgies},
  howpublished = {\url{https://www.ietf.org/rfc/rfc4264.txt}},
  month = 	 nov,
  year = 	 2005,
}



@Misc{juniper-study,
  key = 	 {What is Behind Network Downtime},
  author = 	 {Juniper Networks},
  title = 	 {What is Behind Network Downtime?  Proactive Steps to Reduce Human Error and Improve
Availability of Networks},
  howpublished = {\url{https://www-935.ibm.com/services/au/gts/pdf/200249.pdf}},
  month = 	 may,
  year = 	 2008,
}

@InProceedings{era,
  author = 	 {Seyed K. Fayaz and Tushar Sharma and Ari Fogel and Ratul Mahajan and Todd Millstein and Vyas Sekar and George Varghese},
  title = 	 {Efficient Network Reachability Analysis using a Succinct Control Plane Representation},
  booktitle = {OSDI},
  year = 	 {2016},
}


@article{griffin+:stable-paths,
 author = {Griffin, Timothy G. and Shepherd, F. Bruce and Wilfong, Gordon},
 title = {The Stable Paths Problem and Interdomain Routing},
 journal = {IEEE/ACM Trans. Netw.},
 issue_date = {April 2002},
 volume = {10},
 number = {2},
 month = apr,
 year = {2002},
 pages = {232--243},
} 

@Unpublished{sketch,
  author = 	 {Armando Solar-Lezama},
  title = 	 {The Sketch Programmers Manual},
  note = 	 {\url{https://people.csail.mit.edu/asolar/manual.pdf}},
  year = 	 {2016},
}



@Unpublished{rosette,
  author = 	 {Emina Torlak},
  title = 	 {The Rosette Language},
  note = 	 {\url{https://emina.github.io/rosette/}},
  year = 	 {2016},
}

@inproceedings{z3,
 author = {De Moura, Leonardo and Bj{\o}rner, Nikolaj},
 title = {Z3: An Efficient SMT Solver},
 booktitle = {Proceedings of the Theory and Practice of Software, 14th International Conference on Tools and Algorithms for the Construction and Analysis of Systems},
 year = {2008},
 pages = {337--340},
} 

@inproceedings{tiered-isp-contracts,
 author = {Valancius, Vytautas and Lumezanu, Cristian and Feamster, Nick and Johari, Ramesh and Vazirani, Vijay V.},
 title = {How Many Tiers?: Pricing in the Internet Transit Market},
 booktitle = {Proceedings of the ACM SIGCOMM 2011 Conference},
 year = {2011},
 pages = {194--205},
} 

@inproceedings{probabilistic-netkat,
 author = {Foster, Nate and Kozen, Dexter and Mamouras, Konstantinos and Reitblatt, Mark and Silva, Alexandra},
 title = {Probabilistic NetKAT},
 booktitle = {Proceedings of the 25th European Symposium on Programming Languages and Systems},
 year = {2016},
 pages = {282--309},
} 

@inproceedings{spj+:contracts,
 author = {Peyton Jones, Simon and Eber, Jean-Marc and Seward, Julian},
 title = {Composing Contracts: An Adventure in Financial Engineering (Functional Pearl)},
 booktitle = {Proceedings of the Fifth ACM SIGPLAN International Conference on Functional Programming},
 series = {ICFP '00},
 year = {2000},
 pages = {280--292},
} 

@Article{Angluin87,
  title = "Learning Regular Sets from Queries and
     Counterexamples",
  author =  "Dana Angluin",
  journal = "Information and Computation",
  year =  "1987",
  month = nov,
  number =  "2",
  volume =  "75",
  pages = "87--106",
}

@InProceedings{sdn-traffic-engineering,
  author = 	 {Sugam Agarwal and Murali Kodialam and T. V. Lakshman},
  title = 	 {Traffic engineering in software defined networks},
  booktitle = {INFOCOM},
  year = 	 2013,
  month = 	 apr,
}

@article{Fortz:traffic-engineering,
 author = {Fortz, B. and Rexford, J. and Thorup, M.},
 title = {Traffic Engineering with Traditional IP Routing Protocols},
 journal = {Comm. Mag.},
 issue_date = {October 2002},
 volume = {40},
 number = {10},
 month = oct,
 year = {2002},
 pages = {118--124},
} 

@article{Awduche:traffic-engineering,
 author = {Awduche, D. O.},
 title = {MPLS and Traffic Engineering in IP Networks},
 journal = {Comm. Mag.},
 issue_date = {December 1999},
 volume = {37},
 number = {12},
 month = dec,
 year = {1999},
 pages = {42--47},
 numpages = {6},
} 

@inproceedings{simple,
 author = {Qazi, Zafar Ayyub and Tu, Cheng-Chun and Chiang, Luis and Miao, Rui and Sekar, Vyas and Yu, Minlan},
 title = {SIMPLE-fying Middlebox Policy Enforcement Using SDN},
 booktitle = {Proceedings of the ACM SIGCOMM 2013 Conference on SIGCOMM},
 year = {2013},
 pages = {27--38},
} 

@article{Ferguson:2013,
 author = {Ferguson, Andrew D. and Guha, Arjun and Liang, Chen and Fonseca, Rodrigo and Krishnamurthi, Shriram},
 title = {Participatory Networking: An API for Application Control of SDNs},
 journal = {SIGCOMM Comput. Commun. Rev.},
 issue_date = {October 2013},
 volume = {43},
 number = {4},
 month = aug,
 year = {2013},
 pages = {327--338},
} 

@inproceedings{pfabric,
 author = {Alizadeh, Mohammad and Yang, Shuang and Sharif, Milad and Katti, Sachin and McKeown, Nick and Prabhakar, Balaji and Shenker, Scott},
 title = {pFabric: Minimal Near-optimal Datacenter Transport},
 booktitle = {Proceedings of the ACM SIGCOMM 2013 Conference on SIGCOMM},
 year = {2013},
 pages = {435--446},
} 

@InCollection{Pnueli84,
  author =  "A. Pnueli",
  editor =  "Krzystof R. Apt",
  title = "In transition from global to modular temporal
     reasoning about programs",
  booktitle = "Logics and Model of Concurrent Systems",
  series =  "NATO ASI",
  volume =  "13",
  pages = "123--144",
  publisher = "Springer-Verlag",
  address = "Berlin, New York",
  month = oct,
  year =  "1984",
}

@inproceedings{Goldenberg:multi-home,
 author = {Goldenberg, David K. and Qiuy, Lili and Xie, Haiyong and Yang, Yang Richard and Zhang, Yin},
 title = {Optimizing Cost and Performance for Multihoming},
 booktitle = {SIGCOMM 2004},
 year = {2004},
 pages = {79--92},
} 

@article {FCDB07, 
	title = {Avoiding disruptions during maintenance operations on BGP sessions},
	author = {Pierre Francois and Pierre-Alain Coste and Bruno Decraene and Olivier Bonaventure},
	journal = {IEEE Transactions on Network and Service Management},
	year = {2007},
	volume = {4},
	number = {3},
	pages = {1-11},
}

@article {CMPFB13, 
	title = {Graceful Convergence in Link-State IP Networks: A Lightweight Algorithm Ensuring Minimal Operational Impact},
	author = {Francois Clad and Pascal Merindol and Jean-Jacques Pansiot and Pierre Francois and Olivier Bonaventure},
	journal = {IEEE/ACM Transactions on Networking},
	year = {2013},
	volume = {to appear},
	note = {http://ieeexplore.ieee.org/xpl/articleDetails.jsp?arnumber=6512633 or contact Olivier Bonaventure for a preprint},
}

@inproceedings{Jin:dynamic-updates,
 author = {Jin, Xin and Liu, Hongqiang Harry and Gandhi, Rohan and Kandula, Srikanth and Mahajan, Ratul and Zhang, Ming and Rexford, Jennifer and Wattenhofer, Roger},
 title = {Dynamic Scheduling of Network Updates},
 booktitle = {Proceedings of the 2014 ACM Conference on SIGCOMM},
 year = {2014},
 pages = {539--550},
} 

@inproceedings{McClurg:event-driven-network-programming,
 author = {McClurg, Jedidiah and Hojjat, Hossein and Foster, Nate and \v{C}ern\'{y}, Pavol},
 title = {Event-driven Network Programming},
 booktitle = {Proceedings of the 37th ACM SIGPLAN Conference on Programming Language Design and Implementation},
 year = {2016},
 pages = {369--385},
} 

@inproceedings{Katta:incremental-consistent,
 author = {Katta, Naga Praveen and Rexford, Jennifer and Walker, David},
 title = {Incremental Consistent Updates},
 booktitle = {Proceedings of the Second ACM SIGCOMM Workshop on Hot Topics in Software Defined Networking},
 series = {HotSDN '13},
 year = {2013},
 pages = {49--54},
} 

@Misc{cdst,
  key = 	 {{UCLA} Cross-disciplinary Scholars in Science and Technology program},
  title = 	 {{UCLA} Cross-disciplinary Scholars in Science and Technology program},
  howpublished = {\url{http://www.csst.ucla.edu}},
  year = 	 {2016},
}



@Misc{ucla-high-school-summer,
  key = 	 {{UCLA} Engineering High School Summer Research program},
  title = 	 {{UCLA} Engineering High School Summer Research program},
  howpublished = {\url{http://esc.seas.ucla.edu/high-school-summer-research-program/}},
  year = 	 {2016},
}

