

@inproceedings{DBLP:conf/nsdi/FogelFPWGMM15,
  author    = {Ari Fogel and
               Stanley Fung and
               Luis Pedrosa and
               Meg Walraed{-}Sullivan and
               Ramesh Govindan and
               Ratul Mahajan and
               Todd Millstein},
  title     = {A General Approach to Network Configuration Analysis},
  booktitle = {12th {USENIX} Symposium on Networked Systems Design and Implementation,
               {NSDI} 15, Oakland, CA, USA, May 4-6, 2015},
  pages     = {469--483},
  year      = {2015},
  url       = {https://www.usenix.org/conference/nsdi15/technical-sessions/presentation/fogel},
  timestamp = {Thu, 07 May 2015 18:23:03 +0200},
  biburl    = {http://dblp.uni-trier.de/rec/bib/conf/nsdi/FogelFPWGMM15},
  bibsource = {dblp computer science bibliography, http://dblp.org}
}

@inproceedings{DBLP:conf/nsdi/PedrosaFKGMM15,
  author    = {Luis Pedrosa and
               Ari Fogel and
               Nupur Kothari and
               Ramesh Govindan and
               Ratul Mahajan and
               Todd Millstein},
  title     = {Analyzing Protocol Implementations for Interoperability},
  booktitle = {12th {USENIX} Symposium on Networked Systems Design and Implementation,
               {NSDI} 15, Oakland, CA, USA, May 4-6, 2015},
  pages     = {485--498},
  year      = {2015},
  url       = {https://www.usenix.org/conference/nsdi15/technical-sessions/presentation/pedrosa},
  timestamp = {Thu, 07 May 2015 18:23:03 +0200},
  biburl    = {http://dblp.uni-trier.de/rec/bib/conf/nsdi/PedrosaFKGMM15},
  bibsource = {dblp computer science bibliography, http://dblp.org}
}



@inproceedings{DBLP:conf/sigcomm/KothariMMGM11,
  author    = {Nupur Kothari and
               Ratul Mahajan and
               Todd Millstein and
               Ramesh Govindan and
               Madanlal Musuvathi},
  title     = {Finding protocol manipulation attacks},
  booktitle = {Proceedings of the {ACM} {SIGCOMM} 2011 Conference on Applications,
               Technologies, Architectures, and Protocols for Computer Communications,
               Toronto, ON, Canada, August 15-19, 2011},
  pages     = {26--37},
  year      = {2011},
  crossref  = {DBLP:conf/sigcomm/2011},
  url       = {http://doi.acm.org/10.1145/2018436.2018440},
  doi       = {10.1145/2018436.2018440},
  timestamp = {Tue, 26 Jan 2016 10:12:59 +0100},
  biburl    = {http://dblp.uni-trier.de/rec/bib/conf/sigcomm/KothariMMGM11},
  bibsource = {dblp computer science bibliography, http://dblp.org}
}

@proceedings{DBLP:conf/sigcomm/2011,
  editor    = {Srinivasan Keshav and
               J{\"{o}}rg Liebeherr and
               John W. Byers and
               Jeffrey C. Mogul},
  title     = {Proceedings of the {ACM} {SIGCOMM} 2011 Conference on Applications,
               Technologies, Architectures, and Protocols for Computer Communications,
               Toronto, ON, Canada, August 15-19, 2011},
  publisher = {{ACM}},
  year      = {2011},
  url       = {http://doi.acm.org/10.1145/2018436},
  doi       = {10.1145/2018436},
  isbn      = {978-1-4503-0797-0},
  timestamp = {Tue, 26 Jan 2016 10:12:59 +0100},
  biburl    = {http://dblp.uni-trier.de/rec/bib/conf/sigcomm/2011},
  bibsource = {dblp computer science bibliography, http://dblp.org}
}


@inproceedings{DBLP:conf/pldi/KothariGMG07,
  author    = {Nupur Kothari and
               Ramakrishna Gummadi and
               Todd Millstein and
               Ramesh Govindan},
  title     = {Reliable and efficient programming abstractions for wireless sensor
               networks},
  booktitle = {Proceedings of the {ACM} {SIGPLAN} 2007 Conference on Programming
               Language Design and Implementation, San Diego, California, USA, June
               10-13, 2007},
  pages     = {200--210},
  year      = {2007},
  crossref  = {DBLP:conf/pldi/2007},
  url       = {http://doi.acm.org/10.1145/1250734.1250757},
  doi       = {10.1145/1250734.1250757},
  timestamp = {Wed, 13 Jun 2007 10:00:03 +0200},
  biburl    = {http://dblp.uni-trier.de/rec/bib/conf/pldi/KothariGMG07},
  bibsource = {dblp computer science bibliography, http://dblp.org}
}

@proceedings{DBLP:conf/pldi/2007,
  editor    = {Jeanne Ferrante and
               Kathryn S. McKinley},
  title     = {Proceedings of the {ACM} {SIGPLAN} 2007 Conference on Programming
               Language Design and Implementation, San Diego, California, USA, June
               10-13, 2007},
  publisher = {{ACM}},
  year      = {2007},
  isbn      = {978-1-59593-633-2},
  timestamp = {Wed, 13 Jun 2007 10:00:03 +0200},
  biburl    = {http://dblp.uni-trier.de/rec/bib/conf/pldi/2007},
  bibsource = {dblp computer science bibliography, http://dblp.org}
}



@inproceedings{todd-orbac,
 author = {Fischer, Jeffrey and Marino, Daniel and Majumdar, Rupak and Millstein, Todd},
 title = {Fine-Grained Access Control with Object-Sensitive Roles},
 booktitle = {Genoa: Proceedings of the 23rd European Conference on ECOOP 2009 --- Object-Oriented Programming},
 year = {2009},
 isbn = {978-3-642-03012-3},
 pages = {173--194},
 location = {Italy},
 doi = {http://dx.doi.org/10.1007/978-3-642-03013-0_9},
 publisher = {Springer-Verlag},
 address = {Berlin, Heidelberg},
 }


@inproceedings{KairosAOSD,
 author = {Ramakrishna Gummadi and Nupur Kothari and Todd Millstein and Ramesh
  Govindan}, 
 title = {Declarative Failure Recovery for Sensor Networks},
 booktitle = {AOSD '07: Proceedings of the Sixth International Conference on Aspect-Oriented Software Development},
 year = {2007},
 location = {Vancouver, BC, Canada},
 }

@inproceedings{clarityInfer,
  author =       "Brian Chin and Shane Markstrum and Todd Millstein and Jens Palsberg",
  title =        "Inference of User-Defined Type Qualifiers and Qualifier Rules",
 booktitle = {European Symposium on Programming},
location = {Vienna, Austria},
year = 2006,
}

@inproceedings{clarity,
 author = {Brian Chin and Shane Markstrum and Todd Millstein},
 title = {Semantic type qualifiers},
 booktitle = {PLDI '05: Proceedings of the 2005 ACM SIGPLAN Conference on Programming Language Design and Implementation},
 year = {2005},
 pages = {85--95},
 location = {Chicago, IL, USA},
 publisher = {ACM Press},
 address = {New York, NY, USA},
 }

@InProceedings{responders,
  title =	"Responders: Language Support for Interactive
		 Applications",
  author =	"Brian Chin and Todd Millstein",
  booktitle =	{20th European Conference on Object-Oriented Programming (ECOOP)},
  publisher =	"Springer",
  year = 	"2006",
  volume =	"4067",
  pages =	"255--278",
  series =	"Lecture Notes in Computer Science",
}

@inproceedings{javacop,
 author = {Chris Andreae and James Noble and Shane Markstrum and Todd Millstein},
 title = {A framework for implementing pluggable type systems},
 booktitle = {OOPSLA '06: Proceedings of the 21st annual ACM SIGPLAN Conference on Object-Oriented Programming Systems, Languages, and Applications},
 year = {2006},
  pages = {57--74},
 location = {Portland, Oregon, USA},
  publisher = {ACM Press},
 address = {New York, NY, USA},
 }

 @inproceedings{leftRecursion,
 author = {Warth, Alessandro and Douglass, James R. and Millstein, Todd},
 title = {Packrat parsers can support left recursion},
 booktitle = {PEPM '08: Proceedings of the 2008 ACM SIGPLAN Symposium on Partial Evaluation and Semantics-based Program Manipulation},
 year = {2008},
 pages = {103--110},
 location = {San Francisco, California, USA},
 publisher = {ACM},
 address = {New York, NY, USA},
 }

 @inproceedings{genericEffects,
 author = {Marino, Daniel and Millstein, Todd},
 title = {A generic type-and-effect system},
 booktitle = {TLDI '09: Proceedings of the 4th International Workshop on Types in Language Design and Implementation},
 year = {2009},
 pages = {39--50},
 location = {Savannah, GA, USA},
  publisher = {ACM},
 address = {New York, NY, USA},
 }

 @article{jPred,
 author = {Millstein, Todd and Frost, Christopher and Ryder, Jason and Warth, Alessandro},
 title = {Expressive and modular predicate dispatch for Java},
 journal = {ACM Trans. Program. Lang. Syst.},
 volume = {31},
 number = {2},
 year = {2009},
 pages = {1--54},
 publisher = {ACM},
 address = {New York, NY, USA},
 }

  @article{javacopJournal,
 author = {Shane Markstrum and Daniel Marino and Matthew Esquivel and Todd Millstein and Chris Andreae and James Noble},
 title = {JavaCOP: Declarative Pluggable Types For {J}ava},
 journal = {ACM Trans. Program. Lang. Syst.},
 volume = {32},
 number = {2},
 year = {2010},
 pages = {1--37},
 publisher = {ACM},
 address = {New York, NY, USA},
 }


 @inproceedings{expanders,
 author = {Alessandro Warth and Milan Stanojevi\'{c} and Todd Millstein},
 title = {Statically scoped object adaptation with expanders},
 booktitle = {OOPSLA '06: Proceedings of the 21st Annual ACM SIGPLAN Conference on Object-Oriented Programming Systems, Languages, and Applications},
 year = {2006},
 pages = {37--56},
 location = {Portland, Oregon, USA},
 publisher = {ACM},
}
 
 @inproceedings{funlf,
 author = {Brian Chin and Daniel Marino and Todd Millstein and Gang Tan and Robert J. Simmons and David Walker},
 title = {Mechanized Metatheory for User-Defined Type Extensions},
  booktitle = {1st Informal ACM SIGPLAN Workshop on Mechanizing Metatheory},
 year = {2006},
 location = {Portland, Oregon, USA},
 }

@InProceedings{extensibleSM,
  title =	"An Extensible State Machine Pattern for Interactive Applications", 
  author =	"Brian Chin and Todd Millstein",
  booktitle =	{European Conference on Object-Oriented Programming (ECOOP)},
  publisher =	"Springer",
  year = 	"2008",
  volume =	"5142",
  pages =	"566--591",
  series =	"Lecture Notes in Computer Science",
}


@InProceedings{planb,
  title =	"Falling Back on Executable Specifications",
  author =	"Hesam Samimi and Ei Darli Aung and Todd Millstein",
  booktitle =	{European Conference on Object-Oriented Programming (ECOOP)},
  publisher =	"Springer",
  year = 	"2010",
  series =	"Lecture Notes in Computer Science",
}

@inproceedings{fsmgen,
 author = {Nupur Kothari and Todd Millstein and Ramesh Govindan},
 title = {Deriving State Machines from TinyOS Programs Using Symbolic Execution},
 booktitle = {IPSN '08: Proceedings of the 7th International Conference on Information Processing in Sensor Networks},
 year = {2008},
 pages = {271--282},
 }

 @inproceedings{gullible,
 author = {Milan Stanojevi\'{c} and Ratul Mahajan and Todd Millstein and Madanlal Musuvathi},
 title = {Can You Fool Me? Towards Automatically Checking Protocol Gullibility},
 booktitle = {Proceedings of the Seventh ACM Workshop on Hot Topics in Networks},
 year = {2008},
 }

 @article{multijava,
  author    = {Curtis Clifton and
               Todd D. Millstein and
               Gary T. Leavens and
               Craig Chambers},
  title     = {MultiJava: Design rationale, compiler implementation, and applications},
  journal   = {{ACM} Trans. Program. Lang. Syst.},
  volume    = {28},
  number    = {3},
  pages     = {517--575},
  year      = {2006},
  url       = {http://doi.acm.org/10.1145/1133651.1133655},
  doi       = {10.1145/1133651.1133655},
  timestamp = {Tue, 22 Aug 2006 08:57:42 +0200},
  biburl    = {http://dblp.uni-trier.de/rec/bib/journals/toplas/CliftonMLC06},
  bibsource = {dblp computer science bibliography, http://dblp.org}
}


 @inproceedings{taskJava,
 author = {Jeffrey Fischer and Rupak Majumdar and Todd Millstein},
 title = {Tasks: Language Support for Event-driven Programming},
 booktitle = {PEPM '07: Proceedings of the 2007 ACM SIGPLAN symposium on Partial evaluation and semantics-based program manipulation},
 year = {2007},
 location = {Nice, France},
 publisher = {ACM Press},
 address = {New York, NY, USA},
 }


@article{esctrace,
  title={Generating error traces from verification-condition counterexamples},
  author={Leino, K. Rustan M. and Millstein, Todd and Saxe, James B.},
  journal={Science of Computer Programming},
  volume={55},
  number={1-3},
  year={2004},
}

@inproceedings{Samimi:2013,
 author = {Samimi, Hesam and Hicks, Rebecca and Fogel, Ari and Millstein, Todd},
 title = {Declarative Mocking},
 booktitle = {Proceedings of the 2013 International Symposium on Software Testing and Analysis},
 series = {ISSTA 2013},
 year = {2013},
 isbn = {978-1-4503-2159-4},
 location = {Lugano, Switzerland},
 pages = {246--256},
 numpages = {11},
 url = {http://doi.acm.org/10.1145/2483760.2483790},
 doi = {10.1145/2483760.2483790},
 acmid = {2483790},
 publisher = {ACM},
 address = {New York, NY, USA},
 keywords = {executable specifications, mock objects},
} 

@inproceedings{Ball:2001,
 author = {Ball, Thomas and Majumdar, Rupak and Millstein, Todd and Rajamani, Sriram K.},
 title = {Automatic Predicate Abstraction of C Programs},
 booktitle = {Proceedings of the ACM SIGPLAN 2001 Conference on Programming Language Design and Implementation},
 series = {PLDI '01},
 year = {2001},
 isbn = {1-58113-414-2},
 location = {Snowbird, Utah, USA},
 pages = {203--213},
 numpages = {11},
 url = {http://doi.acm.org/10.1145/378795.378846},
 doi = {10.1145/378795.378846},
 acmid = {378846},
 publisher = {ACM},
 address = {New York, NY, USA},
} 

@inproceedings{Samimi:2012,
 author = {Samimi, Hesam and Sch\"{a}fer, Max and Artzi, Shay and Millstein, Todd and Tip, Frank and Hendren, Laurie},
 title = {Automated Repair of HTML Generation Errors in PHP Applications Using String Constraint Solving},
 booktitle = {Proceedings of the 34th International Conference on Software Engineering},
 series = {ICSE '12},
 year = {2012},
 isbn = {978-1-4673-1067-3},
 location = {Zurich, Switzerland},
 pages = {277--287},
 numpages = {11},
 url = {http://dl.acm.org/citation.cfm?id=2337223.2337257},
 acmid = {2337257},
 publisher = {IEEE Press},
 address = {Piscataway, NJ, USA},
}


@proceedings{conf/oopsla/2006,
  editor    = {Peri L. Tarr and
               William R. Cook},
  booktitle = {OOPSLA 2006: Proceedings of the 21st Annual ACM SIGPLAN Conference on Object-Oriented Programming, Systems, Languages, and Applications\textup{, Portland, OR, USA, October 2006}},
  title     = {OOPSLA 2006: Proceedings of the 21st Annual ACM SIGPLAN Conference on Object-Oriented Programming, Systems, Languages, and Applications\textup{, Portland, OR, USA, October 2006}},
  address   = {New York, NY}, 
  publisher = {ACM Press},
  year      = {2006},
  isbn      = {1-59593-348-4},
  bibsource = {DBLP, http://dblp.uni-trier.de}
}


@inproceedings{Feldthaus:2011,
 author = {Feldthaus, Asger and Millstein, Todd and M{\o}ller, Anders and Sch\"{a}fer, Max and Tip, Frank},
 title = {Refactoring Towards the Good Parts of Javascript},
 booktitle = {Proceedings of the ACM International Conference Companion on Object Oriented Programming Systems Languages and Applications Companion},
 series = {OOPSLA '11},
 year = {2011},
 isbn = {978-1-4503-0942-4},
 location = {Portland, Oregon, USA},
 pages = {189--190},
 numpages = {2},
 url = {http://doi.acm.org/10.1145/2048147.2048200},
 doi = {10.1145/2048147.2048200},
 acmid = {2048200},
 publisher = {ACM},
 address = {New York, NY, USA},
 keywords = {javascript, refactoring},
} 

@proceedings{DBLP:conf/icse/2014,
  editor    = {Pankaj Jalote and
               Lionel C. Briand and
               Andr{\'{e}} van der Hoek},
  title     = {36th International Conference on Software Engineering, {ICSE} '14,
               Hyderabad, India - May 31 - June 07, 2014},
  publisher = {{ACM}},
  year      = {2014},
  url       = {http://dl.acm.org/citation.cfm?id=2568225},
  isbn      = {978-1-4503-2756-5},
  timestamp = {Sun, 18 May 2014 16:02:06 +0200},
  biburl    = {http://dblp.uni-trier.de/rec/bib/conf/icse/2014},
  bibsource = {dblp computer science bibliography, http://dblp.org}
}

@proceedings{DBLP:conf/fm/2001,
  editor    = {Jos{\'{e}} Nuno Oliveira and
               Pamela Zave},
  title     = {{FME} 2001: Formal Methods for Increasing Software Productivity, International
               Symposium of Formal Methods Europe, Berlin, Germany, March 12-16,
               2001, Proceedings},
  series    = {Lecture Notes in Computer Science},
  volume    = {2021},
  publisher = {Springer},
  year      = {2001},
  isbn      = {3-540-41791-5},
  timestamp = {Wed, 28 Jan 2004 15:28:53 +0100},
  biburl    = {http://dblp.uni-trier.de/rec/bib/conf/fm/2001},
  bibsource = {dblp computer science bibliography, http://dblp.org}
}

@PHDTHESIS{Kothari:dissertation,
  author = {Nupur Kothari},
  title = {Language Abstractions and Program Analysis Techniques to build Reliable, Efficient, and Robust Networked Systems},
  school = {University of Southern California},
  year = {2010},
}


@inproceedings{rhodium,
 author = {Sorin Lerner and Todd Millstein and Erika Rice and Craig Chambers},
 title = {Automated soundness proofs for dataflow analyses and transformations via local rules},
 booktitle = {POPL '05: Proceedings of the 32nd ACM SIGPLAN-SIGACT Symposium on Principles of Programming Languages},
 year = {2005},
 isbn = {1-58113-830-X},
 pages = {364--377},
 location = {Long Beach, California, USA},
 doi = {http://doi.acm.org/10.1145/1040305.1040335},
 publisher = {ACM Press},
 OPTaddress = {New York, NY, USA},
 }

@inproceedings{cobalt,
 author = {Sorin Lerner and Todd Millstein and Craig Chambers},
 title = {Automatically proving the correctness of compiler optimizations},
 booktitle = {Proceedings of the ACM SIGPLAN 2003 Conference on Programming Language Design and Implementation},
 year = {2003},
 isbn = {1-58113-662-5},
 pages = {220--231},
 location = {San Diego, California, USA},
 doi = {http://doi.acm.org/10.1145/781131.781156},
 publisher = {ACM Press},
 }

@inproceedings{Gomez:2013,
 author = {Gomez, Lorenzo and Neamtiu, Iulian and Azim, Tanzirul and Millstein, Todd},
 title = {RERAN: Timing- and Touch-sensitive Record and Replay for Android},
 booktitle = {Proceedings of the 2013 International Conference on Software Engineering},
 series = {ICSE '13},
 year = {2013},
 location = {San Francisco, CA, USA},
 pages = {72--81},
 publisher = {IEEE Press},
 address = {Piscataway, NJ, USA},
} 

@inproceedings{Marino:2011,
 author = {Marino, Daniel and Singh, Abhayendra and Millstein, Todd and Musuvathi, Madanlal and Narayanasamy, Satish},
 title = {A Case for an SC-preserving Compiler},
 booktitle = {Proceedings of the 32Nd ACM SIGPLAN Conference on Programming Language Design and Implementation},
 series = {PLDI '11},
 year = {2011},
  location = {San Jose, California, USA},
 pages = {199--210},
  publisher = {ACM},
 } 

@article{Singh13,
  author    = {Abhayendra Singh and
               Satish Narayanasamy and
               Daniel Marino and
               Todd D. Millstein and
               Madanlal Musuvathi},
  title     = {A Safety-First Approach to Memory Models},
  journal   = {{IEEE} Micro},
  volume    = {33},
  number    = {3},
  pages     = {96--104},
  year      = {2013},
  url       = {http://dx.doi.org/10.1109/MM.2013.50},
  doi       = {10.1109/MM.2013.50},
  timestamp = {Wed, 09 Dec 2015 09:57:01 +0100},
  biburl    = {http://dblp.uni-trier.de/rec/bib/journals/micro/SinghNMMM13},
  bibsource = {dblp computer science bibliography, http://dblp.org}
}


@inproceedings{Marino15,
  author    = {Daniel Marino and
               Todd D. Millstein and
               Madanlal Musuvathi and
               Satish Narayanasamy and
               Abhayendra Singh},
  title     = {The Silently Shifting Semicolon},
  booktitle = {1st Summit on Advances in Programming Languages, {SNAPL} 2015, May
               3-6, 2015, Asilomar, California, {USA}},
  pages     = {177--189},
  year      = {2015},
  crossref  = {DBLP:conf/snapl/2015},
  url       = {http://dx.doi.org/10.4230/LIPIcs.SNAPL.2015.177},
  doi       = {10.4230/LIPIcs.SNAPL.2015.177},
  timestamp = {Mon, 04 May 2015 13:22:25 +0200},
  biburl    = {http://dblp.uni-trier.de/rec/bib/conf/snapl/MarinoMMNS15},
  bibsource = {dblp computer science bibliography, http://dblp.org}
}

@proceedings{DBLP:conf/snapl/2015,
  editor    = {Thomas Ball and
               Rastislav Bod{\'{\i}}k and
               Shriram Krishnamurthi and
               Benjamin S. Lerner and
               Greg Morrisett},
  title     = {1st Summit on Advances in Programming Languages, {SNAPL} 2015, May
               3-6, 2015, Asilomar, California, {USA}},
  series    = {LIPIcs},
  volume    = {32},
  publisher = {Schloss Dagstuhl - Leibniz-Zentrum fuer Informatik},
  year      = {2015},
  url       = {http://www.dagstuhl.de/dagpub/978-3-939897-80-4},
  isbn      = {978-3-939897-80-4},
  timestamp = {Mon, 04 May 2015 13:22:25 +0200},
  biburl    = {http://dblp.uni-trier.de/rec/bib/conf/snapl/2015},
  bibsource = {dblp computer science bibliography, http://dblp.org}
}



@inproceedings{Singh12,
  author    = {Abhayendra Singh and
               Satish Narayanasamy and
               Daniel Marino and
               Todd D. Millstein and
               Madanlal Musuvathi},
  title     = {End-to-end sequential consistency},
  booktitle = {39th International Symposium on Computer Architecture {(ISCA} 2012),
               June 9-13, 2012, Portland, OR, {USA}},
  pages     = {524--535},
  year      = {2012},
  crossref  = {DBLP:conf/isca/2012},
  url       = {http://dx.doi.org/10.1109/ISCA.2012.6237045},
  doi       = {10.1109/ISCA.2012.6237045},
  timestamp = {Thu, 16 Oct 2014 17:35:16 +0200},
  biburl    = {http://dblp.uni-trier.de/rec/bib/conf/isca/SinghNMMM12},
  bibsource = {dblp computer science bibliography, http://dblp.org}
}

@proceedings{DBLP:conf/isca/2012,
  title     = {39th International Symposium on Computer Architecture {(ISCA} 2012),
               June 9-13, 2012, Portland, OR, {USA}},
  publisher = {{IEEE} Computer Society},
  year      = {2012},
  url       = {http://ieeexplore.ieee.org/xpl/mostRecentIssue.jsp?punumber=6230820},
  isbn      = {978-1-4673-0475-7},
  timestamp = {Thu, 16 Oct 2014 17:35:15 +0200},
  biburl    = {http://dblp.uni-trier.de/rec/bib/conf/isca/2012},
  bibsource = {dblp computer science bibliography, http://dblp.org}
}



 

@inproceedings{Lesani14,
  author    = {Mohsen Lesani and
               Todd D. Millstein and
               Jens Palsberg},
  title     = {Automatic Atomicity Verification for Clients of Concurrent Data Structures},
  booktitle = {Computer Aided Verification - 26th International Conference, {CAV}
               2014, Held as Part of the Vienna Summer of Logic, {VSL} 2014, Vienna,
               Austria, July 18-22, 2014. Proceedings},
  pages     = {550--567},
  year      = {2014},
  crossref  = {DBLP:conf/cav/2014},
  url       = {http://dx.doi.org/10.1007/978-3-319-08867-9_37},
  doi       = {10.1007/978-3-319-08867-9_37},
  timestamp = {Mon, 30 Jun 2014 11:31:20 +0200},
  biburl    = {http://dblp.uni-trier.de/rec/bib/conf/cav/LesaniMP14},
  bibsource = {dblp computer science bibliography, http://dblp.org}
}

@proceedings{DBLP:conf/cav/2014,
  editor    = {Armin Biere and
               Roderick Bloem},
  title     = {Computer Aided Verification - 26th International Conference, {CAV}
               2014, Held as Part of the Vienna Summer of Logic, {VSL} 2014, Vienna,
               Austria, July 18-22, 2014. Proceedings},
  series    = {Lecture Notes in Computer Science},
  volume    = {8559},
  publisher = {Springer},
  year      = {2014},
  url       = {http://dx.doi.org/10.1007/978-3-319-08867-9},
  doi       = {10.1007/978-3-319-08867-9},
  isbn      = {978-3-319-08866-2},
  timestamp = {Mon, 30 Jun 2014 11:23:38 +0200},
  biburl    = {http://dblp.uni-trier.de/rec/bib/conf/cav/2014},
  bibsource = {dblp computer science bibliography, http://dblp.org}
}



@inproceedings{Vaughan12,
  author    = {Jeffrey A. Vaughan and
               Todd D. Millstein},
  title     = {Secure Information Flow for Concurrent Programs under Total Store
               Order},
  booktitle = {25th {IEEE} Computer Security Foundations Symposium, {CSF} 2012, Cambridge,
               MA, USA, June 25-27, 2012},
  pages     = {19--29},
  year      = {2012},
  crossref  = {DBLP:conf/csfw/2012},
  url       = {http://doi.ieeecomputersociety.org/10.1109/CSF.2012.20},
  doi       = {10.1109/CSF.2012.20},
  timestamp = {Thu, 30 Aug 2012 21:23:30 +0200},
  biburl    = {http://dblp.uni-trier.de/rec/bib/conf/csfw/VaughanM12},
  bibsource = {dblp computer science bibliography, http://dblp.org}
}

@proceedings{DBLP:conf/csfw/2012,
  editor    = {Stephen Chong},
  title     = {25th {IEEE} Computer Security Foundations Symposium, {CSF} 2012, Cambridge,
               MA, USA, June 25-27, 2012},
  publisher = {{IEEE}},
  year      = {2012},
  url       = {http://ieeexplore.ieee.org/xpl/mostRecentIssue.jsp?punumber=6265867},
  isbn      = {978-1-4673-1918-8},
  timestamp = {Thu, 30 Aug 2012 21:22:04 +0200},
  biburl    = {http://dblp.uni-trier.de/rec/bib/conf/csfw/2012},
  bibsource = {dblp computer science bibliography, http://dblp.org}
}



@inproceedings{Samimi14,
  author    = {Hesam Samimi and
               Chris Deaton and
               Yoshiki Ohshima and
               Alessandro Warth and
               Todd D. Millstein},
  title     = {Call by Meaning},
  booktitle = {Onward! 2014, Proceedings of the 2014 {ACM} International Symposium
               on New Ideas, New Paradigms, and Reflections on Programming {\&}
               Software, part of {SPLASH} '14, Portland, OR, USA, October 20-24,
               2014},
  pages     = {11--28},
  year      = {2014},
  crossref  = {DBLP:conf/oopsla/2014onward},
  url       = {http://doi.acm.org/10.1145/2661136.2661152},
  doi       = {10.1145/2661136.2661152},
  timestamp = {Thu, 07 Apr 2016 13:06:22 +0200},
  biburl    = {http://dblp.uni-trier.de/rec/bib/conf/oopsla/SamimiDOWM14},
  bibsource = {dblp computer science bibliography, http://dblp.org}
}

@proceedings{DBLP:conf/oopsla/2014onward,
  editor    = {Andrew P. Black and
               Shriram Krishnamurthi and
               Bernd Bruegge and
               Joseph N. Ruskiewicz},
  title     = {Onward! 2014, Proceedings of the 2014 {ACM} International Symposium
               on New Ideas, New Paradigms, and Reflections on Programming {\&}
               Software, part of {SPLASH} '14, Portland, OR, USA, October 20-24,
               2014},
  publisher = {{ACM}},
  year      = {2014},
  url       = {http://dl.acm.org/citation.cfm?id=2661136},
  isbn      = {978-1-4503-3210-1},
  timestamp = {Thu, 07 Apr 2016 13:06:22 +0200},
  biburl    = {http://dblp.uni-trier.de/rec/bib/conf/oopsla/2014onward},
  bibsource = {dblp computer science bibliography, http://dblp.org}
}




@inproceedings{Felgentreff15,
  author    = {Tim Felgentreff and
               Todd D. Millstein and
               Alan Borning and
               Robert Hirschfeld},
  title     = {Checks and balances: constraint solving without surprises in object-constraint
               programming languages},
  booktitle = {Proceedings of the 2015 {ACM} {SIGPLAN} International Conference on
               Object-Oriented Programming, Systems, Languages, and Applications,
               {OOPSLA} 2015, part of {SPLASH} 2015, Pittsburgh, PA, USA, October
               25-30, 2015},
  pages     = {767--782},
  year      = {2015},
  crossref  = {DBLP:conf/oopsla/2015},
  url       = {http://doi.acm.org/10.1145/2814270.2814311},
  doi       = {10.1145/2814270.2814311},
  timestamp = {Thu, 07 Apr 2016 13:01:45 +0200},
  biburl    = {http://dblp.uni-trier.de/rec/bib/conf/oopsla/FelgentreffMBH15},
  bibsource = {dblp computer science bibliography, http://dblp.org}
}

@proceedings{DBLP:conf/oopsla/2015,
  editor    = {Jonathan Aldrich and
               Patrick Eugster},
  title     = {Proceedings of the 2015 {ACM} {SIGPLAN} International Conference on
               Object-Oriented Programming, Systems, Languages, and Applications,
               {OOPSLA} 2015, part of {SPLASH} 2015, Pittsburgh, PA, USA, October
               25-30, 2015},
  publisher = {{ACM}},
  year      = {2015},
  url       = {http://dl.acm.org/citation.cfm?id=2814270},
  isbn      = {978-1-4503-3689-5},
  timestamp = {Thu, 07 Apr 2016 13:01:45 +0200},
  biburl    = {http://dblp.uni-trier.de/rec/bib/conf/oopsla/2015},
  bibsource = {dblp computer science bibliography, http://dblp.org}
}



@inproceedings{Jeon12,
  author    = {Jinseong Jeon and
               Kristopher K. Micinski and
               Jeffrey A. Vaughan and
               Ari Fogel and
               Nikhilesh Reddy and
               Jeffrey S. Foster and
               Todd D. Millstein},
  title     = {Dr. Android and Mr. Hide: fine-grained permissions in android applications},
  booktitle = {SPSM'12, Proceedings of the Workshop on Security and Privacy in Smartphones
               and Mobile Devices, Co-located with {CCS} 2012, October 19, 2012,
               Raleigh, NC, {USA}},
  pages     = {3--14},
  year      = {2012},
  crossref  = {DBLP:conf/ccs/2012spsm},
  url       = {http://doi.acm.org/10.1145/2381934.2381938},
  doi       = {10.1145/2381934.2381938},
  timestamp = {Fri, 31 Jan 2014 11:00:25 +0100},
  biburl    = {http://dblp.uni-trier.de/rec/bib/conf/ccs/JeonMVFRFM12},
  bibsource = {dblp computer science bibliography, http://dblp.org}
}

@proceedings{DBLP:conf/ccs/2012spsm,
  editor    = {Ting Yu and
               William Enck and
               Xuxian Jiang},
  title     = {SPSM'12, Proceedings of the Workshop on Security and Privacy in Smartphones
               and Mobile Devices, Co-located with {CCS} 2012, October 19, 2012,
               Raleigh, NC, {USA}},
  publisher = {{ACM}},
  year      = {2012},
  url       = {http://dl.acm.org/citation.cfm?id=2381934},
  isbn      = {978-1-4503-1666-8},
  timestamp = {Fri, 31 Jan 2014 10:59:23 +0100},
  biburl    = {http://dblp.uni-trier.de/rec/bib/conf/ccs/2012spsm},
  bibsource = {dblp computer science bibliography, http://dblp.org}
}



@inproceedings{Tetali13,
  author    = {Sai Deep Tetali and
               Mohsen Lesani and
               Rupak Majumdar and
               Todd D. Millstein},
  title     = {MrCrypt: static analysis for secure cloud computations},
  booktitle = {Proceedings of the 2013 {ACM} {SIGPLAN} International Conference on
               Object Oriented Programming Systems Languages {\&} Applications,
               {OOPSLA} 2013, part of {SPLASH} 2013, Indianapolis, IN, USA, October
               26-31, 2013},
  pages     = {271--286},
  year      = {2013},
  crossref  = {DBLP:conf/oopsla/2013},
  url       = {http://doi.acm.org/10.1145/2509136.2509554},
  doi       = {10.1145/2509136.2509554},
  timestamp = {Fri, 25 Oct 2013 08:46:39 +0200},
  biburl    = {http://dblp.uni-trier.de/rec/bib/conf/oopsla/TetaliLMM13},
  bibsource = {dblp computer science bibliography, http://dblp.org}
}

@proceedings{DBLP:conf/oopsla/2013,
  editor    = {Antony L. Hosking and
               Patrick Th. Eugster and
               Cristina V. Lopes},
  title     = {Proceedings of the 2013 {ACM} {SIGPLAN} International Conference on
               Object Oriented Programming Systems Languages {\&} Applications,
               {OOPSLA} 2013, part of {SPLASH} 2013, Indianapolis, IN, USA, October
               26-31, 2013},
  publisher = {{ACM}},
  year      = {2013},
  url       = {http://dl.acm.org/citation.cfm?id=2509136},
  isbn      = {978-1-4503-2374-1},
  timestamp = {Fri, 25 Oct 2013 08:46:20 +0200},
  biburl    = {http://dblp.uni-trier.de/rec/bib/conf/oopsla/2013},
  bibsource = {dblp computer science bibliography, http://dblp.org}
}


